<?xml version="1.0" encoding="UTF-8"?><collection xmlns="http://www.loc.gov/MARC21/slim"><record><leader>00642nam--2200193-u-4500</leader><controlfield tag="001">000056631</controlfield><controlfield tag="002">20161230</controlfield><controlfield tag="005">20170126005019</controlfield><controlfield tag="008">160404s1000------------r-----000-0-eng-d</controlfield><datafield ind1=" " ind2=" " tag="040"><subfield code="a">IFIN-HH</subfield></datafield><datafield ind1=" " ind2=" " tag="080"><subfield code="a">538.911(047.3)</subfield></datafield><datafield ind1="1" ind2=" " tag="100"><subfield code="a">Hellner, E</subfield></datafield><datafield ind1="1" ind2="0" tag="245"><subfield code="a">Zaed the Oxygen framework in garnet and its occurence in the structures of Na3Al2Li3F12, Ca3A2(OH)12, RhBi4 AND Hg3TeO6</subfield><subfield code="c">E. Hellner, R. Gerlich, E. Koch, W. Fischer</subfield></datafield><datafield ind1=" " ind2=" " tag="260"><subfield code="a">Karlsruhe</subfield><subfield code="b">Fachinformationszentrum</subfield><subfield code="c">1979</subfield></datafield><datafield ind1=" " ind2=" " tag="300"><subfield code="a">/PAG.DIF.</subfield></datafield><datafield ind1=" " ind2=" " tag="490"><subfield code="a">Physik Daten Physics Data 16-1 1979</subfield></datafield><datafield ind1="1" ind2=" " tag="700"><subfield code="a">Fischer, W</subfield></datafield><datafield ind1=" " ind2=" " tag="852"><subfield code="a">47445</subfield><subfield code="c">53.081</subfield></datafield><datafield ind1=" " ind2=" " tag="CAT"><subfield code="a">SYS</subfield><subfield code="c">20170126</subfield><subfield code="h">005019</subfield></datafield></record></collection>